@electronic{parallelized_quicksort,
 title     = "Parallel Quicksort, 2024. [Online]. Available: \url{https://de.wikipedia.org/wiki/Parallel_Quicksort}. Accessed: 2024-03-21."
}

@book{HPC,
publisher = {CRC Press: Taylor \& Francis Group},
booktitle = {Introduction to High Performance Computing for Scientists and Engineers},
year = {2011},
title = {Introduction to High Performance Computing for Scientists and Engineers},
language = {eng},
address = {Boca Raton, FL},
author = {Georg Hager, Gerhard Wellein}
}

@electronic{scaling,
 title     = "High Performance Computing for Science and Engineering I: Strong and Weak Scaling, Fabian Wermelinger, Computational Science \& Engineering Laboratory, 2018. [Online]. Available: \url{https://www.cse-lab.ethz.ch/wp-content/uploads/2018/11/amdahl_gustafson.pdf}. Accessed: 2024-03-21."
}