@article{regression,
author = {Su, Xiaogang and Yan, Xin and Tsai, Chih-Ling},
title = {Linear regression},
journal = {WIREs Computational Statistics},
volume = {4},
number = {3},
pages = {275-294},
keywords = {linear regression, model diagnosis, shrinkage, statistical inference, variable selection},
doi = {https://doi.org/10.1002/wics.1198},
url = {https://wires.onlinelibrary.wiley.com/doi/abs/10.1002/wics.1198},
eprint = {https://wires.onlinelibrary.wiley.com/doi/pdf/10.1002/wics.1198},
year = {2012}
}

@book{Ident,
series = {Prentice Hall information and system sciences series},
publisher = {Prentice Hall},
booktitle = {System identification : theory for the user},
year = {1999},
title = {System identification  : theory for the user},
edition = {2nd ed.},
language = {eng},
address = {Upper Saddle River, N.J.},
author = {Ljung, Lennart},
keywords = {System identification},
}

@incollection{convection,
pages = {79--127},
publisher = {John Wiley & Sons, Inc},
booktitle = {Kern's Process Heat Transfer},
isbn = {9781119363644},
year = {2019},
title = {Forced and Free Convection},
copyright = {2019 Scrivener Publishing LLC},
language = {eng},
address = {Hoboken, NJ, USA},
keywords = {Convection heat transfer ; Convective resistances ; Forced convection ; Free convection ; Heat transfer coefficients},
}

@electronic{website_TEC,
 title     = "European Thermodynamics Limited. Intelligent Thermal Managment, 2023. [Online]. Available: \url{https://www.europeanthermodynamics.com/}. Accessed: 2023-05-15."
}

@misc{matlab_est,
title = {nlgreyest: Estimate nonlinear grey-box model parameters},
note = {The MathWorks, Inc.,  Portola Valley, California, United States, Accessed: 2023-05-16},
howpublished = {\url{https://de.mathworks.com/help/ident/ref/nlgreyest.html#buperoy_seealso}}
}

@misc{compiler_opt_guide,
title = {AMD EPYC Series Processors: Compiler Options Quick Reference Guide},
note = {AMD,  Latest Release 2018-07, Accessed: 2024-03},
howpublished = {\url{https://www.amd.com/content/dam/amd/en/documents/epyc-technical-docs/user-guides/compiler-options-guide-amd-epyc-7xx1-series-processors.pdf}}
}

@article{compiler_best_practice,
author = {Xu Guo, Ole Widar Saastad},
title = {Best Practice Guide: AMD EPYC},
journal = {University of Oslo},
url = {https://prace-ri.eu/wp-content/uploads/Best-Practice-Guide_AMD.pdf},
year = {2019}
}

@electronic{intrisic_list,
 title     = "x64 (amd64) intrinsics list. [Online]. Available: \url{https://learn.microsoft.com/en-us/cpp/intrinsics/x64-amd64-intrinsics-list?view=msvc-170}. Accessed: 2024-03."
}

@electronic{autovectorization,
 title     = "Intel oneAPI DPC++/C++ Compiler Developer Guide and Reference. [Online]. Available: \url{https://www.intel.com/content/www/us/en/docs/dpcpp-cpp-compiler/developer-guide-reference/2024-0/overview.html}. Accessed: 2024-03."
}

